<record><leader>00000cas a22000007a 4500</leader><controlfield tag="001">19715628</controlfield><controlfield tag="008">890516d19161959mauwr ne      0    0eng d</controlfield><datafield ind1=" " ind2=" " tag="010"><subfield code="a">sn 89062070 </subfield></datafield><datafield ind1=" " ind2=" " tag="040"><subfield code="a">MGN</subfield><subfield code="b">eng</subfield><subfield code="c">MGN</subfield><subfield code="d">OCLCQ</subfield></datafield><datafield ind1=" " ind2=" " tag="042"><subfield code="a">msc</subfield></datafield><datafield ind1="0" ind2=" " tag="130"><subfield code="a">Brookline chronicle (Brookline, Mass. : 1916)</subfield></datafield><datafield ind1="1" ind2="0" tag="245"><subfield code="a">Brookline chronicle.</subfield></datafield><datafield ind1=" " ind2=" " tag="260"><subfield code="a">Brookline, Mass. :</subfield><subfield code="b">Brookline Chronicle Pub. Co.</subfield></datafield><datafield ind1=" " ind2=" " tag="300"><subfield code="a">v.</subfield></datafield><datafield ind1=" " ind2=" " tag="310"><subfield code="a">Weekly</subfield></datafield><datafield ind1="0" ind2=" " tag="362"><subfield code="a">Vol. 43, no. 51 (Dec. 16, 1916)-June 25, 1959.</subfield></datafield><datafield ind1=" " ind2=" " tag="752"><subfield code="a">United States</subfield><subfield code="b">Massachusetts</subfield><subfield code="c">Norfolk</subfield><subfield code="d">Brookline.</subfield></datafield><datafield ind1="0" ind2="0" tag="780"><subfield code="t">Chronicle (Brookline, Mass.)</subfield><subfield code="w">(DLC)sn 89062069</subfield></datafield><datafield ind1="0" ind2="7" tag="785"><subfield code="t">Brookline citizen (Brookline, Mass. : 1935)</subfield><subfield code="w">(DLC)sn 84005241</subfield></datafield><datafield ind1="0" ind2="7" tag="785"><subfield code="t">Brookline chronicle citizen</subfield><subfield code="w">(DLC)sn 89062071</subfield></datafield></record>